<?xml version="1.0"?>
<marc:records xmlns:marc="http://www.loc.gov/MARC21/slim" xmlns:xsi="http://www.w3.org/2001/XMLSchema-instance" xsi:schemaLocation="http://www.loc.gov/MARC21/slim http://www.loc.gov/standards/marcxml/schema/MARC21slim.xsd">
  <marc:record>
    <marc:leader>03272ctm a2200469Ia 4500</marc:leader>
    <marc:controlfield tag="001">9977243198003681</marc:controlfield>
    <marc:controlfield tag="005">20180326014741.0</marc:controlfield>
    <marc:controlfield tag="008">180222s1873    is a          000 0 arc d</marc:controlfield>
    <marc:datafield ind1=" " ind2=" " tag="035">
  <marc:subfield code="a">(OCoLC)1023864971</marc:subfield>
</marc:datafield>
    <marc:datafield ind1=" " ind2=" " tag="035">
  <marc:subfield code="a">(OCoLC)on1023864971</marc:subfield>
</marc:datafield>
    <marc:datafield ind1=" " ind2=" " tag="040">
  <marc:subfield code="a">PAU</marc:subfield>
  <marc:subfield code="b">eng</marc:subfield>
  <marc:subfield code="c">PAU</marc:subfield>
  <marc:subfield code="e">dacs</marc:subfield>
  <marc:subfield code="d">PAU</marc:subfield>
</marc:datafield>
    <marc:datafield ind1="0" ind2=" " tag="041">
  <marc:subfield code="a">arc</marc:subfield>
  <marc:subfield code="a">heb</marc:subfield>
</marc:datafield>
    <marc:datafield ind1=" " ind2=" " tag="043">
  <marc:subfield code="a">a-is---</marc:subfield>
</marc:datafield>
    <marc:datafield ind1=" " ind2=" " tag="049">
  <marc:subfield code="a">PAUU</marc:subfield>
</marc:datafield>
    <marc:datafield ind1=" " ind2="9" tag="099">
  <marc:subfield code="a">CAJS Rar Ms 465</marc:subfield>
</marc:datafield>
    <marc:datafield ind1="0" ind2="0" tag="245">
  <marc:subfield code="a">Marriage contract,</marc:subfield>
  <marc:subfield code="f">5633 (1873).</marc:subfield>
</marc:datafield>
    <marc:datafield ind1="3" ind2=" " tag="246">
  <marc:subfield code="6">880-01</marc:subfield>
  <marc:subfield code="a">Ketubah : T&#x323;everyah</marc:subfield>
</marc:datafield>
    <marc:datafield ind1="3" ind2=" " tag="246">
  <marc:subfield code="6">880-02</marc:subfield>
  <marc:subfield code="a">Ketubah : T&#x323;everya</marc:subfield>
</marc:datafield>
    <marc:datafield ind1=" " ind2=" " tag="300">
  <marc:subfield code="a">1 leaf :</marc:subfield>
  <marc:subfield code="b">paper, color illustrations ;</marc:subfield>
  <marc:subfield code="c">33 X 41 cm</marc:subfield>
</marc:datafield>
    <marc:datafield ind1=" " ind2=" " tag="500">
  <marc:subfield code="6">880-03</marc:subfield>
  <marc:subfield code="a">The wedding took place on the Sixth day [Fri.] of the week, 14th of Nisan, 5633 [11 April 1873] in the city of T&#x323;everya. The groom is Menah&#x323;em &#x2BB;At&#x323;yas ben ha-manoah&#x323; k. ha-r. Sha&#x2BC;ul &#x2BB;a. h. The bride is Miryam t.m. bat k. ha-r. Refa&#x2BC;el Az&#x2BB;ari. Witnesses: ha-tsa&#x2BB;ir Yitsh&#x323;ak&#x323; Avraham Bak&#x323;iria, S.t&#x323;. [?]; ha-tsa&#x2BB;ir Mosheh ha-Kohen S.t&#x323;.</marc:subfield>
</marc:datafield>
    <marc:datafield ind1=" " ind2=" " tag="520">
  <marc:subfield code="a">Manuscript ketubah with standard ketubah text in black ink in Aramaic and Hebrew in Sephardic semi-cursive script with floral decorations around the text. Decorative border in gouache with colorful floral and geometric patterns and verses from Scripture in block Hebrew print in the supporting columns: verse from Proverbs (18:22) enclosed in top border; abridged verse from Ruth (4:11) in right border; verse from Genesis (27:28) and abridged verse from Ruth (4:12) in left border. Wedding took place on 14 Nisan 5633 (11 April 1873), in Tiberias, Israel.</marc:subfield>
</marc:datafield>
    <marc:datafield ind1=" " ind2=" " tag="546">
  <marc:subfield code="a">Aramaic and Hebrew</marc:subfield>
  <marc:subfield code="b">(Sephardic semi-cursive)</marc:subfield>
</marc:datafield>
    <marc:datafield ind1="1" ind2=" " tag="561">
  <marc:subfield code="a">Formerly owned by Yizhak Einhorn, Tel Aviv (National Library of Israel digital facsimile, einhorn073).</marc:subfield>
</marc:datafield>
    <marc:datafield ind1="1" ind2=" " tag="561">
  <marc:subfield code="a">Sold at auction at Sotheby's, from the estate of Shlomo Moussaieff, 20 Dec. 2017, lot 112.</marc:subfield>
</marc:datafield>
    <marc:datafield ind1="0" ind2="0" tag="600">
  <marc:subfield code="a">Menah&#x323;em &#x2BB;At&#x323;yas ben Sha&#x2BC;ul</marc:subfield>
  <marc:subfield code="x">Marriage.</marc:subfield>
</marc:datafield>
    <marc:datafield ind1="0" ind2="0" tag="600">
  <marc:subfield code="a">Miryam t.m. bat Refa&#x2BC;el Az&#x2BB;ari</marc:subfield>
  <marc:subfield code="x">Marriage.</marc:subfield>
</marc:datafield>
    <marc:datafield ind1=" " ind2="0" tag="650">
  <marc:subfield code="a">Ketubah</marc:subfield>
  <marc:subfield code="v">Specimens.</marc:subfield>
</marc:datafield>
    <marc:datafield ind1=" " ind2="0" tag="650">
  <marc:subfield code="a">Prenuptial agreements (Jewish law)</marc:subfield>
</marc:datafield>
    <marc:datafield ind1=" " ind2="0" tag="650">
  <marc:subfield code="a">Marriage (Jewish law)</marc:subfield>
</marc:datafield>
    <marc:datafield ind1=" " ind2="0" tag="651">
  <marc:subfield code="a">Tiberias (Israel)</marc:subfield>
</marc:datafield>
    <marc:datafield ind1=" " ind2="7" tag="655">
  <marc:subfield code="a">Ketubahs.</marc:subfield>
  <marc:subfield code="2">aat</marc:subfield>
</marc:datafield>
    <marc:datafield ind1=" " ind2="7" tag="655">
  <marc:subfield code="a">Marriage certificates.</marc:subfield>
  <marc:subfield code="2">aat</marc:subfield>
</marc:datafield>
    <marc:datafield ind1=" " ind2="0" tag="655">
  <marc:subfield code="a">Manuscripts, Hebrew</marc:subfield>
  <marc:subfield code="y">19th century.</marc:subfield>
</marc:datafield>
    <marc:datafield ind1="1" ind2=" " tag="700">
  <marc:subfield code="a">Bak&#x323;iria, Yitsh&#x323;ak&#x323; Avraham,</marc:subfield>
  <marc:subfield code="e">witness.</marc:subfield>
</marc:datafield>
    <marc:datafield ind1="0" ind2=" " tag="700">
  <marc:subfield code="a">Mosheh ha-Kohen,</marc:subfield>
  <marc:subfield code="e">witness.</marc:subfield>
</marc:datafield>
    <marc:datafield ind1="1" ind2=" " tag="700">
  <marc:subfield code="a">Einhorn, Yizhak,</marc:subfield>
  <marc:subfield code="e">former owner.</marc:subfield>
</marc:datafield>
    <marc:datafield ind1="1" ind2=" " tag="700">
  <marc:subfield code="a">Moussaieff, Shlomo,</marc:subfield>
  <marc:subfield code="e">former owner.</marc:subfield>
</marc:datafield>
    <marc:datafield ind1=" " ind2=" " tag="852">
  <marc:subfield code="b">Library at the Herbert D. Katz Center for Advanced Judaic Studies</marc:subfield>
  <marc:subfield code="a">University of Pennsylvania</marc:subfield>
  <marc:subfield code="e">420 Walnut Street, Philadelphia, Pennsylvania 19106-3703.</marc:subfield>
  <marc:subfield code="j">CAJS Rar Ms 465</marc:subfield>
</marc:datafield>
    <marc:datafield ind1="3" ind2=" " tag="880">
  <marc:subfield code="6">246-01/r</marc:subfield>
  <marc:subfield code="a">&#x5DB;&#x5EA;&#x5D5;&#x5D1;&#x5D4; : &#x5D8;&#x5D1;&#x5E8;&#x5D9;&#x5D4;</marc:subfield>
</marc:datafield>
    <marc:datafield ind1="3" ind2=" " tag="880">
  <marc:subfield code="6">246-02/r</marc:subfield>
  <marc:subfield code="a">&#x5DB;&#x5EA;&#x5D5;&#x5D1;&#x5D4; : &#x5D8;&#x5D1;&#x5E8;&#x5D9;&#x5D0;</marc:subfield>
</marc:datafield>
    <marc:datafield ind1=" " ind2=" " tag="880">
  <marc:subfield code="6">500-03/r</marc:subfield>
  <marc:subfield code="a">"&#x5D1;&#x5E9;&#x5E9;&#x5D9; &#x5D1;&#x5E9;&#x5D1;&#x5EA; &#x5D0;&#x5E8;&#x5D1;&#x5E2;&#x5D4; &#x5E2;&#x5E9;&#x5E8; &#x5DC;&#x5D7;&#x5D3;&#x5E9; &#x5E0;&#x5D9;&#x5E1;&#x5DF; &#x5E9;&#x5E0;&#x5EA; 5633 &#x5DC;&#x5D1;"&#x5E2; &#x5DC;&#x5DE;&#x5E0;&#x5D9;&#x5DF; &#x5E9;&#x5D0;&#x5E0;&#x5D5; &#x5DE;&#x5E0;&#x5D9;&#x5DF; &#x5DB;&#x5D0;&#x5DF; &#x5E4;&#x5E2;&#x5D4;"&#x5E7; &#x5D8;&#x5D1;&#x5E8;&#x5D9;&#x5D0; &#x5EA;"&#x5D5; &#x5D3;&#x5E2;&#x5DC; &#x5DB;&#x5D9;&#x5E3; &#x5D9;&#x5DE;&#x5D0; &#x5D3;&#x5D8;&#x5D1;&#x5E8;&#x5D9;&#x5D0; &#x5D9;&#x5EA;&#x5D1;&#x5D0; &#x5D5;&#x5DE;&#x5D9;&#x5DE;&#x5D9;&#x5DE;&#x5D9; [&#x5DB;&#x5DA;] &#x5D4;&#x5D9;&#x5DD; &#x5D4;&#x5E0;&#x5D6;' &#x5DE;&#x5E1;&#x5EA;&#x5E4;&#x5E7;&#x5D0; &#x5D0;&#x5D9;&#x5DA; &#x5D4;&#x5D7;&#x5EA;&#x5DF; ... &#x5DE;&#x5E0;&#x5D7;&#x5DD; &#x5E2;&#x5D8;&#x5D9;&#x5D9;&#x5E1; &#x5E0;&#x5E8;"&#x5D5; &#x5D1;&#x5DF; &#x5D4;&#x5DE;&#x5E0;&#x5D5;&#x5D7; &#x5DB;&#x5D4;"&#x5E8; &#x5E9;&#x5D0;&#x5D5;&#x5DC; &#x5E2;"&#x5D4; &#x5D0;&#x5DE;&#x5E8; &#x5DC;&#x5D4;&#x5D3;&#x5D0; &#x5D1;&#x5EA;&#x5D5;&#x5DC;&#x5EA;&#x5D0; &#x5E9;&#x5E4;&#x5D9;&#x5E8;&#x5EA;&#x5D0; ... &#x5DE;' &#x5DE;&#x5E8;&#x5D9;&#x5DD; &#x5EA;"&#x5DE; &#x5D1;&#x5EA; &#x5DB;&#x5D4;"&#x5E8; &#x5E8;&#x5E4;&#x5D0;&#x5DC; &#x5D0;&#x5D6;&#x5E2;&#x5E8;&#x5D9; &#x5E0;"&#x5D5; &#x5D4;&#x5D5;&#x5D9; &#x5DC;&#x5D9; &#x5DC;&#x5D0;&#x5E0;&#x5EA;&#x5D5; &#x5DB;&#x5D3;&#x5EA; &#x5DE;&#x5E9;&#x5D4; &#x5D5;&#x5D9;&#x5E9;&#x5E8;&#x5D0;&#x5DC; ... &#x5D4;&#x5E6;&#x5E2;&#x5D9;&#x5E8; &#x5D9;&#x5E6;&#x5D7;&#x5E7; &#x5D0;&#x5D1;&#x5E8;&#x5D4;&#x5DD; &#x5D1;&#x5E7;&#x5D9;&#x5E8;&#x5D9;&#x5D0;, &#x5E1;"&#x5D8;; &#x5D4;&#x5E6;&#x5E2;&#x5D9;&#x5E8; &#x5DE;&#x5E9;&#x5D4; &#x5D4;&#x5DB;&#x5D4;&#x5DF;, &#x5E1;"&#x5D8;."</marc:subfield>
</marc:datafield>
    <marc:holdings>
      <marc:holding>
        <marc:holding_id>22533528390003681</marc:holding_id>
        <marc:call_number>CAJS Rar Ms 465</marc:call_number>
        <marc:library>KatzLib</marc:library>
        <marc:location>cjsrarms</marc:location>
      </marc:holding>
    </marc:holdings>
  </marc:record>
</marc:records>
